<record><leader>00000cas a22000007a 4500</leader><controlfield tag="001">33158501</controlfield><controlfield tag="008">950920d18821900meuwr ne      0    0eng d</controlfield><datafield ind1=" " ind2=" " tag="010"><subfield code="a">sn 95067899 </subfield></datafield><datafield ind1=" " ind2=" " tag="040"><subfield code="a">MBN</subfield><subfield code="b">eng</subfield><subfield code="c">MBN</subfield><subfield code="d">OCLCQ</subfield><subfield code="d">OCLCF</subfield><subfield code="d">OCLCO</subfield></datafield><datafield ind1="1" ind2=" " tag="029"><subfield code="a">AU@</subfield><subfield code="b">000025888415</subfield></datafield><datafield ind1=" " ind2=" " tag="042"><subfield code="a">msc</subfield></datafield><datafield ind1=" " ind2=" " tag="043"><subfield code="a">n-us-me</subfield></datafield><datafield ind1="0" ind2="0" tag="245"><subfield code="a">Westbrook chronicle.</subfield></datafield><datafield ind1=" " ind2=" " tag="260"><subfield code="a">Westbrook, Me. :</subfield><subfield code="b">Marcus Watson</subfield></datafield><datafield ind1=" " ind2=" " tag="300"><subfield code="a">v.</subfield></datafield><datafield ind1=" " ind2=" " tag="310"><subfield code="a">Weekly</subfield></datafield><datafield ind1="0" ind2=" " tag="362"><subfield code="a">Vol. 1, no. 1 (Dec. 15, 1882)-</subfield></datafield><datafield ind1="1" ind2=" " tag="362"><subfield code="a">Ceased in 1900.</subfield></datafield><datafield ind1=" " ind2=" " tag="500"><subfield code="a">Place of publication also given as: Saccarappa, Me., &lt;1882&gt;</subfield></datafield><datafield ind1=" " ind2=" " tag="580"><subfield code="a">Merged with: Westbrook globe-star, to form: Westbrook chronicle and globe-star.</subfield></datafield><datafield ind1=" " ind2="0" tag="651"><subfield code="a">Westbrook (Me.)</subfield><subfield code="v">Newspapers.</subfield></datafield><datafield ind1=" " ind2="7" tag="655"><subfield code="a">Newspapers.</subfield><subfield code="2">fast</subfield><subfield code="0">(OCoLC)fst01423814</subfield></datafield><datafield ind1=" " ind2="7" tag="651"><subfield code="a">Maine</subfield><subfield code="z">Westbrook.</subfield><subfield code="2">fast</subfield><subfield code="0">(OCoLC)fst01218835</subfield></datafield><datafield ind1=" " ind2=" " tag="752"><subfield code="a">United States</subfield><subfield code="b">Maine</subfield><subfield code="c">Cumberland</subfield><subfield code="d">Westbrook.</subfield></datafield><datafield ind1="1" ind2="7" tag="785"><subfield code="t">Westbrook globe-star</subfield><subfield code="w">(DLC)sn 95067888</subfield></datafield><datafield ind1="1" ind2="7" tag="785"><subfield code="t">Westbrook chronicle and globe-star</subfield><subfield code="w">(DLC)sn 95067900</subfield></datafield></record>